@article{Codol_2023,
  title   = "{MotorNet}: a Python toolbox for controlling differentiable
             biomechanical effectors with artificial neural networks",
  author  = "Codol, Olivier and Michaels, Jonathan A and Kashefi, Mehrdad and
             Pruszynski, J Andrew and Gribble, Paul L",
  journal = "eLife",
  month   =  "7~" # mar,
  year    =  2024,
  url     = "https://elifesciences.org/reviewed-preprints/88591",
  doi     = "10.7554/elife.88591.2"
}

@ARTICLE{Kistemaker2010-de,
  title   = "The central nervous system does not minimize energy cost in arm
             movements",
  author  = "Kistemaker, Dinant A and Wong, Jeremy D and Gribble, Paul L",
  journal = "J. Neurophysiol.",
  volume  =  104,
  number  =  6,
  pages   = "2985--2994",
  month   =  dec,
  year    =  2010,
  url     = "http://dx.doi.org/10.1152/jn.00483.2010",
  doi     = "10.1152/jn.00483.2010",
  pmid    =  20884757
}

